@article{sarwat:data,
title= {UMN Sarwat Foursquare Dataset (September 2013)},
journal= {},
author= {Mohamed Sarwat and Justin J. Levandoski and Ahmed Eldawy and Mohamed F. Mokbe},
year= {2013},
url= {http://www-users.cs.umn.edu/~sarwat/foursquaredata/},
license= {},
abstract= {This data set contains 2,153,471 users, 1,143,092 venues, 1,021,970 check-ins, 27,098,490 social connections, and 2,809,581 ratings that users assigned to venues; all extracted from the Foursquare application through the public API. All users information have been anonymized, i.e., users geolocations are also anonymized. Each user is represented by an id, and GeoSpatial location. The same for venues. The data are contained in five files, users.dat, venues.dat, checkins.dat, socialgraph.dat, and ratings.dat. More details about the contents and use of all these files follows.

Content of Files
* users.dat: consists of a set of users such that each user has a unique id and a geospatial location (latitude and longitude) that represents the user home town location.
* venues.dat: consists of a set of venues (e.g., restaurants) such that each venue has a unique id and a geospatial location (lattude and longitude).
* checkins.dat: marks the checkins (visits) of users at venues. Each check-in has a unique id as well as the user id and the venue id.
* socialgraph.dat: contains the social graph edges (connections) that exist between users. Each social connection consits of two users (friends) represented by two unique ids (first_user_id and second_user_id).
* ratings.dat: consists of implicit ratings that quantifies how much a user likes a specific venue.

Credits

The user must acknowledge the use of the data set in publications resulting from the use of the data set by citing the following papers:

* Mohamed Sarwat, Justin J. Levandoski, Ahmed Eldawy, and Mohamed F. Mokbel. LARS*: A Scalable and Efficient Location-Aware Recommender System. in IEEE Transactions on Knowledge and Data Engineering TKDE
* Justin J. Levandoski, Mohamed Sarwat, Ahmed Eldawy, and Mohamed F. Mokbel. LARS: A Location-Aware Recommender System. in ICDE 2012},
keywords= {foursquare},
terms= {}
}

@misc{ogc,
	title ={{Open Geospatial Consortium Standard}},
    howpublished="\url{http://www.opengeospatial.org/docs/is}"
}

@misc{wiki:spatial,
  title = {{Spatial Database}},
 howpublished="\url{https://en.wikipedia.org/wiki/Spatial_database#Features_of_spatial_databases}"
}

@inproceedings{alowibdi2014vacationfinder,
  title={VacationFinder: A tool for collecting, analyzing, and visualizing geotagged Twitter data to find top vacation spots},
  author={Alowibdi, Jalal S and Ghani, Sohaib and Mokbel, Mohamed F},
  booktitle={Proceedings of the 7th ACM SIGSPATIAL International Workshop on Location-Based Social Networks},
  pages={9--12},
  year={2014},
  organization={ACM}
}
@article{guting1994introduction,
  title={An introduction to spatial database systems},
  author={G{\"u}ting, Ralf Hartmut},
  journal={The VLDB Journalâ€”The International Journal on Very Large Data Bases},
  volume={3},
  number={4},
  pages={357--399},
  year={1994},
  publisher={Springer-Verlag New York, Inc.}
}
@book{bivand2013hello,
  title={Hello World: Introducing Spatial Data},
  author={Bivand, Roger S and Pebesma, Edzer and G{\'o}mez-Rubio, Virgilio},
  year={2013},
  publisher={Springer}
}

@inproceedings{pullar1988toward,
  title={Toward formal definitions of topological relations among spatial objects},
  author={Pullar, Dave and Egenhofer, M},
  booktitle={Proceedings of the Third International Symposium on Spatial Data Handling},
  volume={225},
  pages={42},
  year={1988},
  organization={International Geographical Union Columbus}
}
@incollection{egenhofer1989formal,
  title={A formal definition of binary topological relationships},
  author={Egenhofer, Max J},
  booktitle={Foundations of data organization and algorithms},
  pages={457--472},
  year={1989},
  publisher={Springer}
}
@article{worboys1992generic,
  title={A generic model for planar geographical objects},
  author={Worboys, Michael F},
  journal={International Journal of Geographical Information Systems},
  volume={6},
  number={5},
  pages={353--372},
  year={1992},
  publisher={Taylor \& Francis}
}

@article{egenhofer1991point,
  title={Point-set topological spatial relations},
  author={Egenhofer, Max J and Franzosa, Robert D},
  journal={International Journal of Geographical Information System},
  volume={5},
  number={2},
  pages={161--174},
  year={1991},
  publisher={Taylor \& Francis}
}

@article{samet1990applications,
  title={Applications of spatial data structures},
  author={Samet, Hanan},
  year={1990},
  publisher={Citeseer}
}
@inproceedings{jagadish1990indexing,
  title={On Indexing Line Segments.},
  author={Jagadish, Hosagrahar V},
  booktitle={VLDB},
  pages={614--625},
  year={1990},
  organization={Citeseer}
}
@article{orenstein1982multidimensional,
  title={Multidimensional tries used for associative searching},
  author={Orenstein, Jack A},
  journal={Information Processing Letters},
  volume={14},
  number={4},
  pages={150--157},
  year={1982},
  publisher={Elsevier}
}
@techreport{hinrichs1983grid,
  title={The Grid File: A Data Structure Designed to Support Proximity Queries on Spatial Objects.},
  author={Hinrichs, Klaus and Nievergelt, J{\"u}rg},
  year={1983},
  institution={DTIC Document}
}
@incollection{lawder2000using,
  title={Using space-filling curves for multi-dimensional indexing},
  author={Lawder, Jonathan K and King, Peter JH},
  booktitle={Advances in Databases},
  pages={20--35},
  year={2000},
  publisher={Springer}
}
@inproceedings{orenstein1986spatial,
  title={Spatial query processing in an object-oriented database system},
  author={Orenstein, Jack A},
  booktitle={ACM SIGMOD Record},
  volume={15},
  number={2},
  pages={326--336},
  year={1986},
  organization={ACM}
}
@article{zobel1996guidelines,
  title={Guidelines for presentation and comparison of indexing techniques},
  author={Zobel, Justin and Moffat, Alistair and Ramamohanarao, Kotagiri},
  journal={ACM Sigmod Record},
  volume={25},
  number={3},
  pages={10--15},
  year={1996},
  publisher={ACM}
}
@book{guttman1984r,
  title={R-trees: a dynamic index structure for spatial searching},
  author={Guttman, Antonin},
  volume={14},
  number={2},
  year={1984},
  publisher={ACM}
}
@inproceedings{roussopoulos1995nearest,
  title={Nearest neighbor queries},
  author={Roussopoulos, Nick and Kelley, Stephen and Vincent, Fr{\'e}d{\'e}ric},
  booktitle={ACM sigmod record},
  volume={24},
  number={2},
  pages={71--79},
  year={1995},
  organization={ACM}
}
@book{brinkhoff1993efficient,
  title={Efficient processing of spatial joins using R-trees},
  author={Brinkhoff, Thomas and Kriegel, Hans-Peter and Seeger, Bernhard},
  volume={22},
  number={2},
  year={1993},
  publisher={ACM}
}
@book{hellerstein1995generalized,
  title={Generalized search trees for database systems},
  author={Hellerstein, Joseph M and Naughton, Jeffrey F and Pfeffer, Avi},
  year={1995},
  publisher={September}
}
@article{samet1984quadtree,
  title={The quadtree and related hierarchical data structures},
  author={Samet, Hanan},
  journal={ACM Computing Surveys (CSUR)},
  volume={16},
  number={2},
  pages={187--260},
  year={1984},
  publisher={ACM}
}
@inproceedings{kothuri2002quadtree,
  title={Quadtree and R-tree indexes in oracle spatial: a comparison using GIS data},
  author={Kothuri, Ravi Kanth V and Ravada, Siva and Abugov, Daniel},
  booktitle={Proceedings of the 2002 ACM SIGMOD international conference on Management of data},
  pages={546--557},
  year={2002},
  organization={ACM}
}
@article{friedman1977algorithm,
  title={An algorithm for finding best matches in logarithmic expected time},
  author={Friedman, Jerome H and Bentley, Jon Louis and Finkel, Raphael Ari},
  journal={ACM Transactions on Mathematical Software (TOMS)},
  volume={3},
  number={3},
  pages={209--226},
  year={1977},
  publisher={ACM}
}







